@manual{1,
title = {Versuchsanleitung zu Versuch Nr. 354 Ged√§mpfte und erzwungene Schwingungen}, year = 2020,
organization = {TU Dortmund},
}

@online{2,
    title   = {Einheiten Umrechner},
    url     = {https://www.einheiten-umrechnen.de/Nanofarad+in+Farad+umrechnen.php},
    urldate = {2020-12-19},
}